@article{ren2016faster,
  title={Faster R-CNN: Towards real-time object detection with region proposal networks},
  author={Ren, Shaoqing and He, Kaiming and Girshick, Ross and Sun, Jian},
  journal={IEEE transactions on pattern analysis and machine intelligence},
  volume={39},
  number={6},
  pages={1137--1149},
  year={2016},
  publisher={IEEE}
}

@inproceedings{liu2022convnet,
  title={A ConvNet for the 2020s},
  author={Liu, Zhuang and Mao, Hanzi and Wu, Chao-Yuan and Feichtenhofer, Christoph and Darrell, Trevor and Xie, Saining},
  booktitle={Proceedings of the IEEE/CVF Conference on Computer Vision and Pattern Recognition (CVPR)},
  pages={11976--11986},
  year={2022}
}

@inproceedings{he2017mask,
  title={Mask {R-CNN}},
  author={He, Kaiming and Gkioxari, Georgia and Doll{\'a}r, Piotr and Girshick, Ross},
  booktitle={Proceedings of the IEEE International Conference on Computer Vision (ICCV)},
  pages={2961--2969},
  year={2017}
}

@inproceedings{lin2014microsoft,
  title={Microsoft {COCO}: Common Objects in Context},
  author={Lin, Tsung-Yi and Maire, Michael and Belongie, Serge and Hays, James and Perona, Pietro and Ramanan, Deva and Doll{\'a}r, Piotr and Zitnick, C. Lawrence},
  booktitle={Proceedings of the European Conference on Computer Vision (ECCV)},
  pages={740--755},
  year={2014},
  publisher={Springer}
}

@article{cocoeval2015,
  title={COCO Evaluation},
  author={{COCO Consortium}},
  journal={Common Objects in Context},
  url={https://cocodataset.org/#detection-eval},
  year={2015}
}

@inproceedings{lin2017feature,
  title={Feature Pyramid Networks for Object Detection},
  author={Lin, Tsung-Yi and Doll{\'a}r, Piotr and Girshick, Ross and He, Kaiming and Hariharan, Bharath and Belongie, Serge},
  booktitle={Proceedings of the IEEE Conference on Computer Vision and Pattern Recognition (CVPR)},
  pages={2117--2125},
  year={2017}
}